@book{LanguageTheory,
  author    = {Alexander Meduna and Petr Zemek},
  title     = {Regulated Grammars and Automata},
  publisher = {Springer},
  address   = {New York, NY},
  year      = {2014},
  isbn      = {978-1-4939-0368-9},
  doi       = {10.1007/978-1-4939-0369-6},
  url       = {https://link.springer.com/book/10.1007/978-1-4939-0369-6},
  key       = {1}
}

@ARTICLE{FormalLanguageTheory,
  author       = {Gerhard Jäger and James Rogers},
  title        = {Formal language theory: refining the Chomsky hierarchy},
  key          = {2},
  journal      = {Philosophical Transactions of the Royal Society B},
  volume       = {367},
  number       = {1598},
  pages        = {1956--1970},
  year         = {2012},
  publisher    = {Royal Society},
  doi          = {10.1098/rstb.2012.0001},
  issn         = {0962-8436},
  edition      = {1},
  address      = {Tuebingen, Germany and Richmond, IN, USA}
}

@BOOK{droppova1998,
  author       = {Antónia Droppová},
  title        = {Elementárna hudobná teória},
  key          = {3},
  year         = {1998},
  publisher    = {Pedagogická fakulta Prešovskej univerzity v Prešove},
  address      = {Prešov},
  isbn         = {80-88697-39-5},
  edition      = {1}
}

@ARTICLE{neo-riemannian,
  author       = {Richard Cohn},
  title        = {Neo-Riemannian Operations, Parsimonious Trichords, and Their "Tonnetz" Representations},
  journal      = {Journal of Music Theory},
  key          = {4},
  volume       = {41},
  number       = {1},
  edition      = {1},
  pages        = {1--66},
  year         = {1997},
  publisher    = {[Duke University Press, Yale University Department of Music]},
  issn         = {00222909},
  url          = {http://www.jstor.org/stable/843761},
  urldate      = {2025-01-04},
}

@MASTERSTHESIS{mansonthesis,
  author       = {Laura Felicity Mason},
  title        = {Essential Neo-Riemannian Theory for Today's Musician},
  school       = {University of Tennessee},
  key          = {5},
  year         = {2013},
  type         = {Master's Thesis},
  url          = {https://trace.tennessee.edu/utk_gradthes/1646}
}

@inproceedings{musicformallanguage,
  author    = {Bryan Jurish},
  title     = {Music as a Formal Language},
  booktitle = {bang | pure data},
  editor    = {Fränk Zimmer},
  year      = {2004},
  month     = {September},
  publisher = {Wolke Verlag},
  address   = {Hofheim},
  pages     = {45--58},
  url       = {https://www.researchgate.net/publication/228806126_Music_as_a_formal_language}
}

@incollection{musiclanguageanimals,
  author       = {Willem Zuidema and Dieuwke Hupkes and Geraint Wiggins and Constance Scharff and Martin Rohrmeier},
  title        = {Formal Models of Structure Building in Music, Language, and Animal Song},
  booktitle    = {The Origins of Musicality},
  editor       = {Henkjan Honing},
  publisher    = {The MIT Press},
  address      = {Cambridge, MA},
  year         = {2018},
  pages        = {253--286},
  doi          = {10.7551/mitpress/10636.003.0017},
  url          = {https://arxiv.org/abs/1901.05180}
}

@inproceedings{gramimprovisation,
  author    = {Robert M. Keller and David R. Morrison},
  title     = {A Grammatical Approach to Automatic Improvisation},
  booktitle = {Proceedings of the 4th Sound and Music Computing Conference (SMC 2007)},
  year      = {2007},
  month     = {07},
  pages     = {330--337},
  address   = {Lefkada, Greece},
  url       = {https://www.smcnetwork.org/resources/smc07-248},
  key       = {8}
}

@incollection{belproc,
  author       = {Jim Kippen and Bernard Bel},
  title        = {Modelling Music with Grammars: Formal Language Representation in the Bol Processor},
  booktitle    = {Computer Representations and Models in Music},
  editor       = {Alan Marsden and Anthony Pople},
  year         = {1992},
  pages        = {207--238},
  publisher    = {Academic Press},
  address      = {London},
  key          = {9}
}

@MASTERSTHESIS{africathesis,
  author       = {Walter Schulze},
  title        = {A Formal Language Theory Approach To Music Generation},
  school       = {Stellenbosch University},
  key          = {10},
  department   = {Department of Mathematics, Applied Mathematics and Computer Science},
  address      = {Matieland 7602, South Africa},
  year         = {2009},
  type         = {Master's Thesis},
  url          = {https://core.ac.uk/download/pdf/37323789.pdf}
}

@inproceedings{probmelodyreduction,
  author    = {Édouard Gilbert and Darrell Conklin},
  title     = {A Probabilistic Context-Free Grammar for Melodic Reduction},
  booktitle = {Proceedings of the International Workshop on Artificial Intelligence and Music, 20th International Joint Conference on Artificial Intelligence (IJCAI)},
  year      = {2007},
  month     = {January},
  address   = {Hyderabad, India},
  pages     = {83--94},
  url       = {https://www.ehu.eus/cs-ikerbasque/conklin/papers/GilbertConklin.pdf},
  key       = {11}
}

@INPROCEEDINGS{controlflow,
  author    = {Zeyu Jin and Roger B. Dannenberg},
  title     = {Formal Semantics for Music Notation Control Flow},
  booktitle = {Proceedings of the 39th International Computer Music Conference (ICMC)},
  key       = {12},
  year      = {2013},
  month     = {August},
  address   = {Perth, Australia},
  pages     = {85--92},
  url       = {https://www.cs.cmu.edu/~rbd/papers/Formal-Semantics-ICMC-2013.pdf}
}

@BOOK{mishra2007system,
  title     = {L-System Fractals},
  key       = {13},
  author    = {Jibitesh Mishra and Sarojananda Mishra},
  series    = {Mathematics in Science and Engineering},
  volume    = {209},
  year      = {2007},
  publisher = {Elsevier Science},
  address   = {Amsterdam, The Netherlands},
  isbn      = {978-0-08-046938-6},
  lccn      = {2006052163},
  url       = {https://books.google.cz/books?id=VebMRrhoJfUC}
}

@inproceedings{lsystemsmix,
  key        = {14},
  author     = {Peter Worth and Susan Stepney},
  editor     = {Franz Rothlauf and J{\"u}rgen Branke and Stefano Cagnoni and David Wolfe Corne and Rolf Drechsler and Yaochu Jin and Penousal Machado and Elena Marchiori and Juan Romero and George D. Smith and Giovanni Squillero},
  title      = {Growing Music: Musical Interpretations of {L}-Systems},
  booktitle  = {Applications of Evolutionary Computing},
  year       = {2005},
  publisher  = {Springer Berlin Heidelberg},
  address    = {Berlin, Heidelberg},
  pages      = {545--550},
  isbn       = {978-3-540-32003-6},
  doi        = {10.1007/978-3-540-32003-6_56}
}

@book{meduna2010scattered,
  key        = {15},
  title      = {Scattered Context Grammars and Their Applications},
  author     = {Alexander Meduna and Jiří Techet},
  year       = {2010},
  publisher  = {WIT Press},
  address    = {Southampton, UK},
  isbn       = {978-1-84564-426-0},
  pages      = {199}
}

@inbook{pcgs,
  author    = {Lila Santean},
  title     = {Parallel Communicating Grammar Systems},
  booktitle = {Current Trends in Theoretical Computer Science},
  key       = {16},
  publisher = {World Scientific Publishing},
  year      = {1993},
  pages     = {603--615},
  doi       = {10.1142/9789812794499_0047},
  url       = {https://www.worldscientific.com/doi/abs/10.1142/9789812794499_0047}
}

@inproceedings{lsystems1,
  author    = {Bruno F. Lourenço and José C. L. Ralha and Márcio C. P. Brandão},
  title     = {L-Systems, Scores, and Evolutionary Techniques},
  booktitle = {Proceedings of the 6th Sound and Music Computing Conference (SMC 2009)},
  year      = {2009},
  month     = {July},
  address   = {Porto, Portugal},
  pages     = {113--118},
  url       = {https://www.researchgate.net/publication/228936738_L-Systems_Scores_and_Evolutionary_Techniques},
  key       = {17}
}

@article{straightlsys,
  title   = {Grammar-based Music Composition},
  author  = {Jon McCormack},
  journal = {Complex Systems},
  volume  = {9},
  pages   = {321--336},
  year    = {1996},
  issn    = {0891-2513},
  url     = {https://research.monash.edu/en/publications/grammar-based-music-composition},
  key     = {18}
}

@bachelorsthesis{bachelorthesis,
  author       = {David Fischer},
  title        = {Tool for Fractal Music Creation with the Help of L-Systems},
  school       = {Kempten University of Applied Sciences},
  year         = {2019},
  month        = {10},
  pages        = {61},
  doi          = {10.13140/RG.2.2.27589.99043},
  url          = {https://www.researchgate.net/publication/348915692_Tool_for_fractal_music_creation_with_the_help_of_L-Systems},
  key          = {19}
}

@mastersthesis{manousakis2006musical,
  author    = {Stelios Manousakis},
  title     = {Musical L-Systems},
  key       = {20},
  year      = {2006},
  month     = {June},
  school    = {The Royal Conservatory, The Hague},
  type      = {Master's Thesis},
}

@inproceedings{gogins,
  key       = {21},
  author    = {Michael Gogins},
  title     = {Score Generation in Voice-Leading and Chord Spaces},
  booktitle = {Proceedings of the International Computer Music Conference (ICMC)},
  year      = {2006},
  month     = {November},
  publisher = {International Computer Music Association},
  pages     = {13--16},
  url       = {https://dblp.org/rec/conf/icmc/Gogins06}
}

@book{tymoczko2010geometry,
  title={A Geometry of Music: Harmony and Counterpoint in the Extended Common Practice},
  author={Tymoczko, D.},
  key={22},
  isbn={9780199714353},
  series={Oxford Studies in Music Theory},
  url={https://books.google.cz/books?id=1Jpq5BRLCNoC},
  year={2010},
  publisher={Oxford University Press}
}

@mastersthesis{automataphd,
  author    = {Sergio Krakowski Costa Rego},
  title     = {Rhythmically-Controlled Automata Applied to Musical Improvisation},
  key       = {23},
  year      = {2009},
  month     = {September},
  school    = {Instituto Nacional de Matemática Pura e Aplicada Rio de Janeiro},
  type      = {PhD Dissertation}
}

@phdthesis{Lukas2006,
  author    = {Roman Lukáš},
  title     = {Multigenerative Grammar Systems},
  school    = {Brno University of Technology, Faculty of Information Technology},
  year      = {2006},
  url       = {https://www.fit.vut.cz/study/phd-thesis/139/.cs}
}

@bachelorsthesis{jozef,
    author = "Jozef Maki\v{s}",
    type = "Bakal\'{a}\v{r}sk\'{a} pr\'{a}ce",
    title = "Form\'{a}ln\'{i} modely a jejich aplikace v hudb\v{e}",
    school = "Vysok\'{e} u\v{c}en\'{i} technick\'{e} v Brn\v{e}, Fakulta informa\v{c}n\'{i}ch technologi\'{i}",
    year = 2022,
    location = "Brno, CZ",
    language = "czech",
    url = "https://www.fit.vut.cz/study/thesis/24483/"
}

@misc{ravelliJazzForm2025,
  author = {Ravelli, Leonardo},
  title = {Understanding music to improvise better: Form in jazz standards},
  howpublished = {\url{https://www.italianpiano.com/music-lessons/understanding-music-to-improvise-better-form-in-jazz-standards/}},
  note = {Accessed: 2025-03-14},
  year = {2025}
}

@misc{Kadlec2022,
  author       = {Kadlec, Tim and Gabrišová, Ivica and Jámborová, Janka and Vojáček, Michal and Beynon, Emily and Heger, Robert and Klánská, Halka},
  title        = {Methodology: Increasing the Efficiency and Quality of Instrumentalists' Preparation for Orchestral Auditions},
  year         = {2022},
  url          = {https://ec.europa.eu/programmes/erasmus-plus/project-result-content/584044d3-2acc-4473-a68f-130cf26315e6/Metodika_cs.pdf},
  note         = {Accessed: 2025-03-14}
}

@misc{PankhurstSonataForm,
  author = {Pankhurst, Tom},
  title = {Sonata Form},
  howpublished = {\url{https://alevelmusic.com/alevelcompositionhelp/composing-help/sonata-form-2/sonata-form/}},
  note = {Accessed: 2025-03-15}
}

@phdthesis{kim2007liszt,
  author       = {Kim, Jongwoo},
  title        = {A Study of Franz Liszt's Concepts of Changing Tonality},
  school       = {University of North Texas},
  year         = {2007},
  address      = {Denton, Texas},
  url          = {https://digital.library.unt.edu/ark:/67531/metadc2246},
  note         = {Accessed March 26, 2025}
}

@book{yearsley2002bach,
  title={Bach and the Meanings of Counterpoint},
  author={Yearsley, David},
  year={2002},
  publisher={Cambridge University Press}
}

@misc{justinguitar_chord_progressions,
  author       = {Justin Sandercoe},
  title        = {5 Common Chord Progressions},
  year         = {2025},
  url          = {https://www.justinguitar.com/guitar-lessons/5-common-chord-progressions-bg-1011},
  note         = {Accessed: 2025-03-29}
}

@inproceedings{eibensteiner2018procedural,
  title={Procedural Music Generation with Grammars},
  author={Eibensteiner, Lukas},
  booktitle={Proceedings of CESCG 2018: The 22nd Central European Seminar on Computer Graphics},
  year={2018}
}

@misc{mido,
  author       = {Ole Martin Bjørndalen},
  title        = {Mido: MIDI Objects for Python},
  year         = {n.d.},
  howpublished = {\url{https://github.com/mido/mido/tree/main}},
  note         = {Accessed: 2025-05-05}
}

@misc{muller_midi,
  author       = {Meinard Müller},
  title        = {Symbolic Format: MIDI},
  howpublished = {\url{https://www.audiolabs-erlangen.de/resources/MIR/FMP/C1/C1S2_MIDI.html}},
  note         = {Accessed: 2025-05-05}
}

@misc{melkonian_music_language,
  author       = {Orestis Melkonian},
  title        = {Music as Language: Putting Probabilistic Temporal Graph Grammars to Good Use},
  institution  = {Information and Computing Sciences, Utrecht University},
  address      = {The Netherlands},
  note         = {\texttt{melkon.or@gmail.com}},
  howpublished = {Manuscript},
  year         = {n.d.}
}

@misc{ave-llan_music_machine,
  author       = {{ave-llan}},
  title        = {Music Machine: Create music using a generative music grammar},
  year         = {2020},
  howpublished = {\url{https://github.com/ave-llan/music-machine}},
  note         = {Accessed: 2025-05-11}
}

@misc{halleyyoung_generative_grammar_music,
  author       = {Halley Young},
  title        = {Generative Grammar Music},
  year         = {2019},
  howpublished = {\url{https://github.com/HalleyYoung/generative-grammar-music}},
  note         = {Accessed: 2025-05-11}
}

@misc{kwon-young_music_notation_grammar,
  author       = {Young Kwon},
  title        = {Music Notation Grammar},
  year         = {2021},
  howpublished = {\url{https://github.com/kwon-young/music}},
  note         = {Accessed: 2025-05-11}
}

@misc{absil2025schillinger,
  author       = {Frans Absil},
  title        = {Schillinger Rhythmic Continuity with Fibonacci Numbers},
  year         = {2025},
  howpublished = {\url{https://www.youtube.com/watch?v=zyOoZInEeIo}},
  note         = {YouTube video, uploaded by Frans Absil Music},
}

@misc{noteflight,
  author       = {{Noteflight, LLC}},
  title        = {Noteflight - Online Music Notation Software},
  howpublished = {\url{https://www.noteflight.com}},
  note         = {Accessed: 2025-05-17},
  year         = {2025}
}